@book{laaksonen,
    author={Antti Laaksonen},
    title={Guide to Competitive Programming},
    year={2017},
    doi={10.1007/978-3-319-72547-5},
    issn={1863-7310},
    publisher={Springer International Publishing}
}
@book{kactl,
    author={Simon Lindholm and Håkan Terelius and Ulf Lundström and Johan Sannemo and Asger Hautop Drewsen and Lukáš Poláček and Mårten Wiman and Anton Haglund and Ludwik Janiuk},
    title={KTH ACM Contest Template Library},
    year={2017},
    url={https://github.com/kth-competitive-programming/kactl}
}
@article{goldberg-floating,
    author = {Goldberg, David},
    title = {What Every Computer Scientist Should Know About Floating-point Arithmetic},
    journal = {ACM Comput. Surv.},
    issue_date = {March 1991},
    volume = {23},
    number = {1},
    month = mar,
    year = {1991},
    issn = {0360-0300},
    pages = {5--48},
    numpages = {44},
    url = {http://doi.acm.org/10.1145/103162.103163},
    doi = {10.1145/103162.103163},
    acmid = {103163},
    publisher = {ACM},
    address = {New York, NY, USA},
    keywords = {NaN, denormalized number, exception, floating-point, floating-point standard, gradual underflow, guard digit, overflow, relative error, rounding error, rounding mode, ulp, underflow},
} 
@article{classroom-robustness,
    title = "Classroom examples of robustness problems in geometric computations",
    journal = "Computational Geometry",
    volume = "40",
    number = "1",
    pages = "61 - 78",
    year = "2008",
    %issn = "0925-7721",
    %doi = "https://doi.org/10.1016/j.comgeo.2007.06.003",
    url = "https://people.mpi-inf.mpg.de/~kettner/pub/nonrobust_esa_04.pdf",
    author = "Lutz Kettner and Kurt Mehlhorn and Sylvain Pion and Stefan Schirra and Chee Yap",
    keywords = "Implementation, Numerical robustness problems, Floating-point geometry"
}
@article{creating-tasks,
    title={Creating informatics olympiad tasks: exploring the black art},
    author={Benjamin A. Burton and Mathias Hiron},
    year={2008},
    journal={Olympiads in Informatics},
    issn={1822-7732},
    publisher={Institute of Mathematics and Informatics},
    address={Vilnius, Lithunia}
}
@article{numerical-difficulties,
    title={Numerical difficulties in pre-university informatics education and competitions},
    author={Gyula Horváth and Tom Verhoeff},
    year={2003},
    journal={Informatics in Education}
}
@article{ioi-syllabus,
    title={The International Olympiad in Informatics Syllabus},
    url={https://people.ksp.sk/~misof/ioi-syllabus/}
}

